
@article{klarner_1967,
title={Cell Growth Problems},
volume={19}, DOI={10.4153/CJM-1967-080-4},
journal={Canadian Journal of Mathematics},
publisher={Cambridge University Press},
author={Klarner, David A.},
year={1967},
pages={851â€“863}}

